<?xml version="1.0" encoding="UTF-8"?><record xmlns="http://www.loc.gov/MARC21/slim" xmlns:cinclude="http://apache.org/cocoon/include/1.0" xmlns:zs="http://www.loc.gov/zing/srw/">
  <leader>00433nz  a2200133n  4500</leader>
  <controlfield tag="001">no2003067209</controlfield>
  <controlfield tag="003">DLC</controlfield>
  <controlfield tag="005">20030709052408.0</controlfield>
  <controlfield tag="008">030708n| acannaabn          |n aaa     c</controlfield>
  <datafield tag="010" ind1=" " ind2=" ">
    <subfield code="a">no2003067209</subfield>
  </datafield>
  <datafield tag="035" ind1=" " ind2=" ">
    <subfield code="a">(OCoLC)oca06094386</subfield>
  </datafield>
  <datafield tag="040" ind1=" " ind2=" ">
    <subfield code="a">OkS</subfield>
    <subfield code="b">eng</subfield>
    <subfield code="c">OkS</subfield>
  </datafield>
  <datafield tag="100" ind1="1" ind2=" ">
    <subfield code="a">Craig, Gregory W.</subfield>
  </datafield>
  <datafield tag="670" ind1=" " ind2=" ">
    <subfield code="a">Proposal for a reservation-urban American Indian affairs center at the University of Minnesota, Minneapolis, 1969:</subfield>
    <subfield code="b">t.p. (Gregory W. Craig)</subfield>
  </datafield>
</record>